% !Mode:: "TeX:UTF-8"

@book{chandrasekhar2003newton,
  title={Newton's Principia for the common reader},
  author={Chandrasekhar, Subrahmanyan},
  year={2003},
  publisher={Oxford University Press}
}
@book{arnold1990huygens,
  title={Huygens and Barrow, Newton and Hooke: pioneers in mathematical analysis and catastrophe theory from evolvents to quasicrystals},
  author={Arnold, Vladimir I},
  year={1990},
  publisher={Springer Science \& Business Media}
}
